2404 4048
221 110 317 164 152
1163 96 1253 148 III

432 231 674 296 tempore
713 225 779 278 de
817 223 1006 277 mortis
1044 241 1143 275 nec
1181 222 1416 276 delibare
1454 223 1708 287 valemUS‚

436 330 542 381 quo
579 311 758 363 minus
797 328 913 363 esse
951 308 1046 361 diu
1082 308 1346 378 possimus
1382 308 1519 361 forte
1554 309 1834 378 perempti.

438 396 660 466 proinde
698 396 824 447 licet
860 400 992 464 quot
1028 393 1109 446 vis
1146 393 1374 446 vivendo
1413 393 1637 446 condere
1674 393 1871 459 saecla3
2086 409 2222 462 1090

440 500 581 534 mors
615 487 835 533 aeterna
870 486 1054 531 tamen
1090 478 1200 530 nilo
1237 478 1416 531 minus
1453 479 1548 531 illa
1571 479 1838 542 manebit,

439 585 537 619 1166
573 565 753 618 minus
789 564 879 616 ille
918 563 1012 616 diu
1050 563 1159 615 iam
1196 582 1305 616 non
1343 563 1458 627 erit,
1499 582 1566 616 ex
1600 564 1858 617 hodierno

441 651 646 704 lumine
684 649 778 719 qui
814 649 980 702 finem
1016 649 1150 702 vitai
1187 649 1327 713 fecit,
1356 656 1410 702 et
1447 649 1552 712 ille,

440 736 712 790 mensibus
750 742 914 807 atque
951 736 1106 789 annis
1143 735 1238 807 qui
1273 735 1460 789 multis
1499 735 1689 789 occidit
1726 742 1865 791 ante.

223 913 349 959 from
374 911 459 958 the
482 911 604 958 time
626 915 738 974 past
759 910 814 958 in
838 911 987 959 death
1011 928 1103 959 nor
1126 928 1218 961 6611
1240 929 1316 960 we
1339 912 1436 960 fiet
1458 913 1703 977 anything
1725 931 1875 978 away,
1901 914 2131 979 whereby
2153 933 2228 963 we

223 1005 338 1051 may
352 989 501 1052 haply
522 989 585 1036 be
602 1005 631 1035 a
648 989 742 1036 less
760 989 879 1053 long
901 990 1023 1037 time
1038 990 1092 1036 in
1110 990 1197 1037 the
1216 990 1468 1037 condition
1484 990 1540 1037 of
1547 991 1633 1038 the
1648 991 1784 1040 dead.
1856 991 2115 1040 Therefore
2129 1009 2229 1055 you

224 1083 338 1130 may
361 1066 600 1130 complete
624 1083 676 1114 as
699 1083 852 1129 many
874 1068 1187 1131 generations
1215 1084 1268 1115 as
1299 1084 1398 1131 you
1420 1068 1583 1131 please
1606 1069 1787 1132 during
1808 1086 1934 1132 your
1954 1069 2040 1117 life
2052 1085 2066 1129 3
2100 1086 2229 1117 none

224 1146 310 1192 the
334 1145 428 1192 less
450 1144 680 1193 however
703 1145 806 1192 will
843 1146 956 1192 that
980 1146 1279 1208 everlasting
1307 1146 1457 1194 death
1482 1146 1631 1193 await
1661 1162 1789 1209 you3
1822 1147 1920 1194 and
1951 1147 2027 1195 for
2050 1164 2113 1194 no
2136 1147 2230 1195 less

225 1221 343 1284 long
374 1238 404 1267 a
433 1221 557 1268 time
581 1221 684 1268 will
709 1222 771 1269 116
793 1222 854 1270 be
878 1239 942 1270 no
963 1239 1097 1270 more
1130 1223 1184 1270 in
1207 1223 1368 1286 being,
1393 1223 1505 1271 who
1528 1224 1801 1288 beginning
1823 1224 1948 1272 with
1970 1225 2120 1288 today
2142 1225 2230 1272 has

227 1299 385 1347 ended
408 1298 484 1347 1115
507 1299 605 1361 life,
631 1299 756 1348 than
779 1299 867 1349 the
890 1317 1007 1349 man
1032 1301 1141 1350 who
1165 1301 1252 1349 1165
1276 1302 1391 1349 died
1415 1318 1565 1365 many
1588 1303 1787 1350 months
1811 1302 1908 1350 and
1931 1319 2072 1366 years
2095 1319 2197 1366 ago.
